@article{ADAMS1996,
	title = {A High-Resolution Hybrid Compact-ENO Scheme for Shock-Turbulence Interaction Problems},
	author = {Adams, N. A. and Shariff, K.},
	journal = {Journal of Computational Physics},
	volume = {127},
	number = {1},
	pages = {27-51},
	year = {1996},
	issn = {0021-9991},
	doi = {https://doi.org/10.1006/jcph.1996.0156}
}

@article{ISSA198666,
	title = {The computation of compressible and incompressible recirculating flows by a non-iterative implicit scheme},
	journal = {Journal of Computational Physics},
	volume = {62},
	number = {1},
	pages = {66-82},
	year = {1986},
	issn = {0021-9991},
	doi = {https://doi.org/10.1016/0021-9991(86)90100-2},
	author = {Issa, R. I.  and Gosman, A. D. and Watkins, A. P.}
}
@article{DUCROS1999,
	title = {Large-Eddy Simulation of the Shock/Turbulence Interaction},
	journal = {Journal of Computational Physics},
	volume = {152},
	number = {2},
	pages = {517-549},
	year = {1999},
	issn = {0021-9991},
	doi = {https://doi.org/10.1006/jcph.1999.6238},
	author = {Ducros, F. and Ferrand, V and Nicoud, F. and Weber, C. and  Darracq, D. and Gacherieu, C. and Poinsot, T.}
}

@article{LIOU_AUSM,
	title = {A New Flux Splitting Scheme},
	journal = {Journal of Computational Physics},
	volume = {107},
	number = {1},
	pages = {23-39},
	year = {1993},
	issn = {0021-9991},
	doi = {https://doi.org/10.1006/jcph.1993.1122},
	author = {Liou, M. S. and Steffen, C. J.}
}

@article{LIOU_AUSM+,
	title = {A Sequel to AUSM: AUSM+},
	journal = {Journal of Computational Physics},
	volume = {129},
	number = {2},
	pages = {364-382},
	year = {1996},
	issn = {0021-9991},
	doi = {https://doi.org/10.1006/jcph.1996.0256},
	author = {Liou, M. S.}
}

@article{LIOU_AUSM+-up,
	title = {A sequel to AUSM, Part II: AUSM+-up for all speeds},
	journal = {Journal of Computational Physics},
	volume = {214},
	number = {1},
	pages = {137-170},
	year = {2006},
	issn = {0021-9991},
	doi = {https://doi.org/10.1016/j.jcp.2005.09.020},
	author = {Liou, M. S.}
}

@article{LIU1994,
	title = {Weighted Essentially Non-oscillatory Schemes},
	journal = {Journal of Computational Physics},
	volume = {115},
	number = {1},
	pages = {200-212},
	year = {1994},
	issn = {0021-9991},
	doi = {https://doi.org/10.1006/jcph.1994.1187},
	author = {Liu, X. D. and Osher, S. and Chan, T.}
}

@article{MORETTI1979191,
	title = {The {$\lambda$}-scheme},
	journal = {Computers \& Fluids},
	volume = {7},
	number = {3},
	pages = {191-205},
	year = {1979},
	issn = {0045-7930},
	doi = {https://doi.org/10.1016/0045-7930(79)90036-7},
	author = {Moretti, G.}
}

@article{STEGER1981263,
	title = {Flux vector splitting of the inviscid gasdynamic equations with application to finite-difference methods},
	journal = {Journal of Computational Physics},
	volume = {40},
	number = {2},
	pages = {263-293},
	year = {1981},
	issn = {0021-9991},
	author = {Steger, J. L. and Warming, R. F.}
}

@article{LAXWENDROFF,
	author = {Lax, P. and Wendroff, B.},
	title = {Systems of conservation laws},
	journal = {Communications on Pure and Applied Mathematics},
	volume = {13},
	number = {2},
	pages = {217-237},
	doi = {https://doi.org/10.1002/cpa.3160130205},
	url = {https://onlinelibrary.wiley.com/doi/abs/10.1002/cpa.3160130205},
	eprint = {https://onlinelibrary.wiley.com/doi/pdf/10.1002/cpa.3160130205},
	year = {1960}
}
 
@book{toro2013riemann,
	title={Riemann solvers and numerical methods for fluid dynamics: a practical introduction},
	author={Toro, E. F.},
	year={2013},
	publisher={Science \& Business Media}
}

@article{JST1981,
	author = {Jameson, A.},
	title = {Origins and Further Development of the Jameson–Schmidt–Turkel Scheme},
	journal = {AIAA Journal},
	volume = {55},
	number = {5},
	pages = {1487-1510},
	year = {2017},
	doi = {10.2514/1.J055493}
}

@article{leonard1979stable,
	title={A stable and accurate convective modelling procedure based on quadratic upstream interpolation},
	author={Leonard, B. P.},
	journal={Computer methods in applied mechanics and engineering},
	volume={19},
	number={1},
	pages={59--98},
	year={1979},
	publisher={Elsevier}
}

@book{versteeg2007introduction,
	title={An introduction to computational fluid dynamics the finite volume method},
	author={Versteeg, H. K.},
	year={2007},
	publisher={Pearson Education India}
}

@book{hirsch2007numerical,
	title={Numerical computation of internal and external flows: The fundamentals of computational fluid dynamics},
	author={Hirsch, Charles},
	year={2007},
	publisher={Elsevier}
}

@article{YEE1999199,
	title = {Low-Dissipative High-Order Shock-Capturing Methods Using Characteristic-Based Filters},
	journal = {Journal of Computational Physics},
	volume = {150},
	number = {1},
	pages = {199-238},
	year = {1999},
	issn = {0021-9991},
	doi = {https://doi.org/10.1006/jcph.1998.6177},
	author = {Yee, H. C. and Sandham, N. D. and Djomehri, M. J.}
}

@article{garnier2001class,
	title={A class of explicit ENO filters with application to unsteady flows},
	author={Garnier, Eric and Sagaut, Pierre and Deville, Michel},
	journal={Journal of Computational Physics},
	volume={170},
	number={1},
	pages={184--204},
	year={2001},
	publisher={Elsevier}
}

@book{blazek2015computational,
	title={Computational fluid dynamics: principles and applications},
	author={Blazek, J.},
	year={2015},
	publisher={Butterworth-Heinemann}
}

@book{ferziger2019computational,
	title={Computational methods for fluid dynamics},
	author={Ferziger, J. H. and Peri{\'c}, M. and Street, R. L.},
	year={2016},
	publisher={Springer},
	volume={113},
	doi={10.1007/978-3-319-16874-6}
}

@book{patankar1980numerical,
	added-at = {2014-01-19T13:31:06.000+0100},
	author = {Patankar, S. V.},
	interhash = {cd93c02f6a506db12c44de56626f568c},
	intrahash = {19bd4d8ade80127348bdc6511a494eb1},
	isbn = {978-0891165224},
	keywords = {1980 flow fluid heat-transfer numerical textbook},
	publisher = {Hemisphere Publishing Corporation (CRC Press, Taylor \& Francis Group)},
	series = {Series on Computational Methods in Mechanics and Thermal Science},
	timestamp = {2014-01-19T13:49:42.000+0100},
	year={1980},
	title = {Numerical heat transfer and fluid flow}
}

@article{courant1928partiellen,
	title={Uber die partiellen Differenzengleichungen der mathematischen Physik},
	author={Courant, R. and Friedrichs, K. and Lewy, H.},
	journal={Mathematische annalen},
	volume={100},
	number={1},
	pages={32--74},
	year={1928},
	publisher={Springer}
}

@article{runchal1969numerical,
	title={Numerical integration procedure for the steady state Navier-Stokes equations},
	author={Runchal, A. K. and Wolfshtein, M.},
	journal={Journal of Mechanical Engineering Science},
	volume={11},
	number={5},
	pages={445--453},
	year={1969},
	publisher={SAGE Publications Sage UK: London, England}
}

@article{gosman1969heat,
	title={Heat and mass transfer in recirculating flows},
	author={Gosman, A. D.},
	journal={(No Title)},
	year={1969}
}

@article{clough1990original,
	title={Original formulation of the finite element method},
	author={Clough, R. W.},
	journal={Finite elements in analysis and design},
	volume={7},
	number={2},
	pages={89--101},
	year={1990},
	publisher={Elsevier}
}

@inproceedings{crank1947practical,
	title={A practical method for numerical evaluation of solutions of partial differential equations of the heat-conduction type},
	volume={43},
	booktitle={Mathematical proceedings of the Cambridge philosophical society},
	DOI={10.1017/S0305004100023197},        
	journal={Mathematical Proceedings of the Cambridge Philosophical Society},
	author={Crank, J. and Nicolson, P.},
	year={1947},
	pages={50--67}
}

@misc{OpenFOAM_ESI,
	title = {OpenFOAM},
	url = {https://www.openfoam.com/},
	author = {OpenCFD},
	year = {Accessed on October 29, 2024}
}

@misc{OpenFOAMFoundation,
	title = {OpenFOAM},
	url = {https://openfoam.org/},
	author = {Foundation},
	YEAR = {Accessed on November 11, 2024}
}

@article{Pirozzoli2011,
	author = {Pirozzoli, S.},
	title = {Numerical Methods for High-Speed Flows},
	journal = {Annual Review of Fluid Mechanics},
	year = {2011},
	volume = {43},
	pages = {163--194}
}

@article{PIROZZOLI20107180,
	title = {Generalized conservative approximations of split convective derivative operators},
	journal = {Journal of Computational Physics},
	volume = {229},
	number = {19},
	pages = {7180-7190},
	year = {2010},
	issn = {0021-9991},
	doi = {https://doi.org/10.1016/j.jcp.2010.06.006},
	author = {Pirozzoli, S.}
}

@article{rhoEnergyFOAM, 
	title={A low-dissipative solver for turbulent compressible flows on unstructured meshes, with OpenFOAM implementation},
	author={Modesti, D. and Pirozzoli, S.},
	journal={Computers \& Fluids},
	volume={152},
	pages={14--23},
	year={2017},
	publisher={Elsevier}
}

@article{EMERY1968306,
	title={An evaluation of several differencing methods for inviscid fluid flow problems},
	author={Emery, A. F.},
	journal={Journal of Computational Physics},
	volume={2},
	number={3},
	pages={306--331},
	year={1968},
	publisher={Elsevier}
}

@article{Modesti_2018,
	title={An efficient semi-implicit solver for direct numerical simulation of compressible flows at all speeds},
	author={Modesti, D. and Pirozzoli, S.},
	journal={Journal of Scientific Computing},
	volume={75},
	pages={308--331},
	year={2018},
	publisher={Springer}
}

@article{Catalano,
	title={Numerical simulation of the flow around a circular cylinder at high Reynolds numbers},
	author={Catalano, P. and Wang, M. and Iaccarino, G. and Moin, P.},
	journal={International journal of heat and fluid flow},
	volume={24},
	number={4},
	pages={463--469},
	year={2003},
	publisher={Elsevier}
}

@book{darwish2016finite,
	title={The finite volume method in computational fluid dynamics},
	author={Darwish, F. and Moukalled, L. and Mangani, M.},
	year={2016},
	publisher={Springer}
}


@article{LARSSON201615-00418,
	title={Large eddy simulation with modeled wall-stress: recent progress and future directions},
	author={Larsson, J. and Kawai, S. and Bodart, J. and Bermejo-Moreno, I.},
	journal={Mechanical Engineering Reviews},
	volume={3},
	number={1},
	pages={15--00418},
	year={2016},
	publisher={The Japan Society of Mechanical Engineers}
}	

@article{HARTEN1983,
	title = {High resolution schemes for hyperbolic conservation laws},
    author = {Harten, A. and others},
	journal = {Journal of Computational Physics},
	volume = {49},
	number = {3},
	pages = {357-393},
	year = {1983},
	issn = {0021-9991},
	doi = {https://doi.org/10.1016/0021-9991(83)90136-5}
}

@article{ROE1981357,
	title = {Approximate Riemann solvers, parameter vectors, and difference schemes},
	journal = {Journal of Computational Physics},
	volume = {43},
	number = {2},
	pages = {357-372},
	year = {1981},
	issn = {0021-9991},
	doi = {https://doi.org/10.1016/0021-9991(81)90128-5},
	author = {Roe, P. L.},
}

@article{SPALART2000252,
	title={Strategies for turbulence modelling and simulations},
	author={Spalart, P. R.},
	journal={International journal of heat and fluid flow},
	volume={21},
	number={3},
	pages={252--263},
	year={2000},
	publisher={Elsevier}
}

@article{Spalart2006,
	title={A new version of detached-eddy simulation, resistant to ambiguous grid densities},
	author={Spalart, P. R. and Deck, S. and Shur, M. L. and Squires, K. D. and Strelets, M. K. and Travin, A.},
	journal={Theoretical and computational fluid dynamics},
	volume={20},
	pages={181--195},
	year={2006},
	publisher={Springer}
}

@article{PIROZZOLI2021110408,
	title={Natural grid stretching for DNS of wall-bounded flows},
	author={Pirozzoli, S. and Orlandi, P.},
	journal={Journal of Computational Physics},
	volume={439},
	pages={110408},
	year={2021},
	publisher={Elsevier}
}

@article{PIROZZOLI2002,
	title = {Conservative Hybrid Compact-WENO Schemes for Shock-Turbulence Interaction},
	journal = {Journal of Computational Physics},
	volume = {178},
	number = {1},
	pages = {81-117},
	year = {2002},
	issn = {0021-9991},
	doi = {https://doi.org/10.1006/jcph.2002.7021},
	author = {Pirozzoli, S.}
}

@article{PIROZZOLI20112997,
	title = {Stabilized non-dissipative approximations of Euler equations in generalized curvilinear coordinates},
	journal = {Journal of Computational Physics},
	volume = {230},
	number = {8},
	pages = {2997-3014},
	year = {2011},
	issn = {0021-9991},
	doi = {https://doi.org/10.1016/j.jcp.2011.01.001},
	author = {Pirozzoli, S.}
}

@article{ZHAO2020104439,
	title={On shock sensors for hybrid compact/WENO schemes},
	author={Zhao, G. Y. and Sun, M. B. and Pirozzoli, S.},
	journal={Computers \& Fluids},
	volume={199},
	pages={104439},
	year={2020},
	publisher={Elsevier}
}

@article{SPALARTALLMARAS,
	title={A one-equation turbulence model for aerodynamic flows},
	author={Spalart, P. and Allmaras, S.},
	booktitle={30th aerospace sciences meeting and exhibit},
	pages={439},
	journal={AIAA Paper 1992-0439},
	year={1992}
}

@article{van1982,
	title={Lecture Notes in Physics, Vol. 170, Numerical Methods in Fluid Dynamics},
	author={Van Leer, B. and Krause, E.},
	year={1982},
	journal = {SIAM review},
	publisher={Springer-Verlag, Berlin}
}

@book{ZHANG2016103,
	title = {Chapter 5 - ENO and WENO Schemes},
	editor = {Abgrall, R. and Shu, C. W.},
	series = {Handbook of Numerical Analysis},
	publisher = {Elsevier},
	volume = {17},
	pages = {103-122},
	year = {2016},
	booktitle = {Handbook of Numerical Methods for Hyperbolic Problems},
	issn = {1570-8659},
	doi = {https://doi.org/10.1016/bs.hna.2016.09.009},
	author = {Zhang, Y. T. and Shu C. W.}
}

@article{KITAMURA,
	title={Parameter-free simple low-dissipation AUSM-family scheme for all speeds},
	author={Shima, E. and Kitamura, K.},
	journal={AIAA journal},
	volume={49},
	number={8},
	pages={1693--1709},
	year={2011}
}

@article{schmitt1979pressure,
	title={Pressure distributions on the ONERA M6-wing at transonic mach numbers, experimental data base for computer program assessment},
	author={Schmitt, V.},
	journal={AGARD AR-138},
	year={1979}
}

@article{spalding1961single,
	title={A single formula for the law of the wall},
	author={Spalding, D. B. and others},
	journal={Journal of Applied Mechanics},
	volume={28},
	number={3},
	pages={455--458},
	year={1961}
}

@article{Wlicox_k-omega_model,
	author = {Wilcox, D. C.},
	title = {Formulation of the k-w Turbulence Model Revisited},
	journal = {AIAA Journal},
	volume = {46},
	number = {11},
	pages = {2823-2838},
	year = {2008},
	doi = {10.2514/1.36541}
}

@book{cook1977aerofoil,
	title={Aerofoil RAE 2822: pressure distributions, and boundary layer and wake measurements},
	author={Cook, P. H. and Firmin, M. C. P. and McDonald, M. A.},
	year={1977},
	publisher={RAE}
}

@book{boussinesq1877essai,
	title={Essai sur la th{\'e}orie des eaux courantes},
	author={Boussinesq, J.},
	series={M{\'e}moires pr{\'e}sent{\'e}s par divers savants {\`a} l'Acad{\'e}mie des sciences de l'Institut national de France},
	url={https://books.google.it/books?id=4NdQAAAAYAAJ},
	year={1877},
	publisher={Impr. nationale}
}
~                        

@article{slater2010rae2822,
	title={RAE2822 Transonic Airfoil: Study\# 1},
	author={Slater, J. W.},
	journal={NASA Glenn Research Centre, Ohio. Internet: http://www. grc. nasa. gov/WWW/wind/valid/raetaf/raetaf01/raetaf01. ht ml},
	year={2010}
}

@article{smagorinsky1963general,
	title={General circulation experiments with the primitive equations: I. The basic experiment},
	author={Smagorinsky, J.},
	journal={Monthly weather review},
	volume={91},
	number={3},
	pages={99--164},
	year={1963},
	publisher={American Meteorological Society}
}

@article{Favre,
	author = {Favre, A.},
	title = {Turbulence: Space‐time statistical properties and behavior in supersonic flows},
	journal = {The Physics of Fluids},
	volume = {26},
	number = {10},
	pages = {2851-2863},
	year = {1983},
	issn = {0031-9171},
	doi = {10.1063/1.864049}
}

@article{DES,
	author = {Spalart, P.},
	year = {2009},
	month = {01},
	pages = {181-202},
	title = {Detached-Eddy Simulation},
	volume = {41},
	journal = {Annual Review of Fluid Mechanics},
	doi = {10.1146/annurev.fluid.010908.165130}
}

@article{Sod19781,
	title = {A survey of several finite difference methods for systems of nonlinear hyperbolic conservation laws},
	author = {Sod, G. A.},
	journal = {Journal of Computational Physics},
	volume = {27},
	number = {1},
	pages = {1-31},
	year = {1978},
	issn = {0021-9991},
	doi = {https://doi.org/10.1016/0021-9991(78)90023-2}